@article{nuijten2020statcheck,
  title={“statcheck”: Automatically detect statistical reporting inconsistencies to increase reproducibility of meta-analyses},
  author={Nuijten, Mich{\`e}le B and Polanin, Joshua R},
  journal={Research synthesis methods},
  volume={11},
  number={5},
  pages={574--579},
  year={2020},
  publisher={Wiley Online Library}
} 

@article{cumming2014new,
  title={The new statistics: Why and how},
  author={Cumming, Geoff},
  journal={Psychological science},
  volume={25},
  number={1},
  pages={7--29},
  year={2014},
  publisher={Sage Publications Sage CA: Los Angeles, CA}
}

@article{vasishth2018statistical,
  title={The statistical significance filter leads to overoptimistic expectations of replicability},
  author={Vasishth, Shravan and Mertzen, Daniela and J{\"a}ger, Lena A and Gelman, Andrew},
  journal={Journal of Memory and Language},
  volume={103},
  pages={151--175},
  year={2018},
  publisher={Elsevier}
}

@article{nicenboim2018using,
  title={Using meta-analysis for evidence synthesis: The case of incomplete neutralization in German},
  author={Nicenboim, Bruno and Roettger, Timo B and Vasishth, Shravan},
  journal={Journal of Phonetics},
  volume={70},
  pages={39--55},
  year={2018},
  publisher={Elsevier}
}

@article{de2015cognitive,
  title={Cognitive advantage in bilingualism: An example of publication bias?},
  author={De Bruin, Angela and Treccani, Barbara and Della Sala, Sergio},
  journal={Psychological science},
  volume={26},
  number={1},
  pages={99--107},
  year={2015},
  publisher={Sage Publications Sage CA: Los Angeles, CA}
}

@Manual{rmanual,
 title = {R: A Language and Environment for Statistical Computing},
 author = {{R Core Team}},
 organization = {R Foundation for Statistical Computing},
 address = {Vienna, Austria},
 year = {2025},
 url = {https://www.R-project.org/},
}

@article{coretta_multidimensional_2023,
	title = {Multidimensional {Signals} and {Analytic} {Flexibility}: {Estimating} {Degrees} of {Freedom} in {Human}-{Speech} {Analyses}},
	volume = {6},
	issn = {2515-2459},
	url = {https://doi.org/10.1177/25152459231162567},
	doi = {10.1177/25152459231162567},
	abstract = {Recent empirical studies have highlighted the large degree of analytic flexibility in data analysis that can lead to substantially different conclusions based on the same data set. Thus, researchers have expressed their concerns that these researcher degrees of freedom might facilitate bias and can lead to claims that do not stand the test of time. Even greater flexibility is to be expected in fields in which the primary data lend themselves to a variety of possible operationalizations. The multidimensional, temporally extended nature of speech constitutes an ideal testing ground for assessing the variability in analytic approaches, which derives not only from aspects of statistical modeling but also from decisions regarding the quantification of the measured behavior. In this study, we gave the same speech-production data set to 46 teams of researchers and asked them to answer the same research question, resulting in substantial variability in reported effect sizes and their interpretation. Using Bayesian meta-analytic tools, we further found little to no evidence that the observed variability can be explained by analysts? prior beliefs, expertise, or the perceived quality of their analyses. In light of this idiosyncratic variability, we recommend that researchers more transparently share details of their analysis, strengthen the link between theoretical construct and quantitative system, and calibrate their (un)certainty in their conclusions.},
	number = {3},
	urldate = {2023-07-25},
	journal = {Advances in Methods and Practices in Psychological Science},
	author = {Coretta, Stefano and Casillas, Joseph V. and Roessig, Simon and Franke, Michael and Ahn, Byron and Al-Hoorie, Ali H. and Al-Tamimi, Jalal and Alotaibi, Najd E. and AlShakhori, Mohammed K. and Altmiller, Ruth M. and Arantes, Pablo and Athanasopoulou, Angeliki and Baese-Berk, Melissa M. and Bailey, George and Sangma, Cheman Baira A and Beier, Eleonora J. and Benavides, Gabriela M. and Benker, Nicole and BensonMeyer, Emelia P. and Benway, Nina R. and Berry, Grant M. and Bing, Liwen and Bjorndahl, Christina and Bolyanatz, Mariška and Braver, Aaron and Brown, Violet A. and Brown, Alicia M. and Brugos, Alejna and Buchanan, Erin M. and Butlin, Tanna and Buxó-Lugo, Andrés and Caillol, Coline and Cangemi, Francesco and Carignan, Christopher and Carraturo, Sita and Caudrelier, Tiphaine and Chodroff, Eleanor and Cohn, Michelle and Cronenberg, Johanna and Crouzet, Olivier and Dagar, Erica L. and Dawson, Charlotte and Diantoro, Carissa A. and Dokovova, Marie and Drake, Shiloh and Du, Fengting and Dubuis, Margaux and Duême, Florent and Durward, Matthew and Egurtzegi, Ander and Elsherif, Mahmoud M. and Esser, Janina and Ferragne, Emmanuel and Ferreira, Fernanda and Fink, Lauren K. and Finley, Sara and Foster, Kurtis and Foulkes, Paul and Franzke, Rosa and Frazer-McKee, Gabriel and Fromont, Robert and García, Christina and Geller, Jason and Grasso, Camille L. and Greca, Pia and Grice, Martine and Grose-Hodge, Magdalena S. and Gully, Amelia J. and Halfacre, Caitlin and Hauser, Ivy and Hay, Jen and Haywood, Robert and Hellmuth, Sam and Hilger, Allison I. and Holliday, Nicole and Hoogland, Damar and Huang, Yaqian and Hughes, Vincent and Icardo Isasa, Ane and Ilchovska, Zlatomira G. and Jeon, Hae-Sung and Jones, Jacq and Junges, Mágat N. and Kaefer, Stephanie and Kaland, Constantijn and Kelley, Matthew C. and Kelly, Niamh E. and Kettig, Thomas and Khattab, Ghada and Koolen, Ruud and Krahmer, Emiel and Krajewska, Dorota and Krug, Andreas and Kumar, Abhilasha A. and Lander, Anna and Lentz, Tomas O. and Li, Wanyin and Li, Yanyu and Lialiou, Maria and Lima, Ronaldo M. and Lo, Justin J. H. and Lopez Otero, Julio Cesar and Mackay, Bradley and MacLeod, Bethany and Mallard, Mel and McConnellogue, Carol-Ann Mary and Moroz, George and Murali, Mridhula and Nalborczyk, Ladislas and Nenadić, Filip and Nieder, Jessica and Nikolić, Dušan and Nogueira, Francisco G. S. and Offerman, Heather M. and Passoni, Elisa and Pélissier, Maud and Perry, Scott J. and Pfiffner, Alexandra M. and Proctor, Michael and Rhodes, Ryan and Rodríguez, Nicole and Roepke, Elizabeth and Röer, Jan P. and Sbacco, Lucia and Scarborough, Rebecca and Schaeffler, Felix and Schleef, Erik and Schmitz, Dominic and Shiryaev, Alexander and Sóskuthy, Márton and Spaniol, Malin and Stanley, Joseph A. and Strickler, Alyssa and Tavano, Alessandro and Tomaschek, Fabian and Tucker, Benjamin V. and Turnbull, Rory and Ugwuanyi, Kingsley O. and Urrestarazu-Porta, Iñigo and van de Vijver, Ruben and Van Engen, Kristin J. and van Miltenburg, Emiel and Wang, Bruce Xiao and Warner, Natasha and Wehrle, Simon and Westerbeek, Hans and Wiener, Seth and Winters, Stephen and Wong, Sidney G.-J. and Wood, Anna and Wottawa, Jane and Xu, Chenzi and Zárate-Sández, Germán and Zellou, Georgia and Zhang, Cong and Zhu, Jian and Roettger, Timo B.},
	month = jul,
	year = {2023},
	note = {Publisher: SAGE Publications Inc},
	pages = {25152459231162567},
}

@article{scheel2022most,
  title={Why most psychological research findings are not even wrong},
  author={Scheel, Anne M},
  journal={Infant and Child Development},
  volume={31},
  number={1},
  pages={e2295},
  year={2022},
  publisher={Wiley Online Library}
}

@article{scheel2021hypothesis,
  title={Why hypothesis testers should spend less time testing hypotheses},
  author={Scheel, Anne M and Tiokhin, Leonid and Isager, Peder M and Lakens, Dani{\"e}l},
  journal={Perspectives on Psychological Science},
  volume={16},
  number={4},
  pages={744--755},
  year={2021},
  publisher={Sage Publications Sage CA: Los Angeles, CA}
}

@article{nuijten2017validity,
  title={The validity of the tool “statcheck” in discovering statistical reporting inconsistencies},
  author={Nuijten, Mich{\`e}le B and van Assen, Marcel ALM and Hartgerink, Chris and Epskamp, Sacha and Wicherts, Jelte M},
  year={2017},
  publisher={PsyArXiv},
  url = {https://doi.org/10.31234/osf.io/tcxaj},
  doi = {10.31234/osf.io/tcxaj}
}

@article{schmidt2017statcheck,
  title={Statcheck does not work: All the numbers. Reply to Nuijten et al.(2017)},
  author={Schmidt, Thomas},
  year={2017},
  publisher={PsyArXiv},
  url = {https://doi.org/10.31234/osf.io/hr6qy},
  doi = {10.31234/osf.io/hr6qy}
}

@article{van2023comparing,
  title={Comparing the prevalence of statistical reporting inconsistencies in COVID-19 preprints and matched controls: A Registered Report},
  author={Van Aert, Robbie CM and Nuijten, Mich{\`e}le B and Olsson-Collentine, Anton and Stoevenbelt, Andrea H and Van Den Akker, Olmo R and Klein, Richard A and Wicherts, Jelte M},
  journal={Royal Society Open Science},
  volume={10},
  number={8},
  pages={202326},
  year={2023},
  publisher={The Royal Society},
  url = {https://doi.org/10.1098/rsos.202326},
  doi = {10.1098/rsos.202326}
}

@article{colombo2018statistical,
  title={Statistical reporting inconsistencies in experimental philosophy},
  author={Colombo, Matteo and Duev, Georgi and Nuijten, Mich{\`e}le B and Sprenger, Jan},
  journal={PloS one},
  volume={13},
  number={4},
  pages={e0194360},
  year={2018},
  publisher={Public Library of Science San Francisco, CA USA},
  url = {https://doi.org/10.1371/journal.pone.0194360},
  doi = {10.1371/journal.pone.0194360}
}

@article{claesen2023data,
  title={Data sharing upon request and statistical consistency errors in psychology: A replication of Wicherts, Bakker and Molenaar (2011)},
  author={Claesen, Aline and Vanpaemel, Wolf and Maerten, Anne-Sofie and Verliefde, Thomas and Tuerlinckx, Francis and Heyman, Tom},
  journal={Plos one},
  volume={18},
  number={4},
  pages={e0284243},
  year={2023},
  publisher={Public Library of Science San Francisco, CA USA},
  url = {https://doi.org/10.1371/journal.pone.0284243},
  doi = {10.1371/journal.pone.0284243}
}

@article{wicherts2011willingness,
  title={Willingness to share research data is related to the strength of the evidence and the quality of reporting of statistical results},
  author={Wicherts, Jelte M and Bakker, Marjan and Molenaar, Dylan},
  journal={PloS one},
  volume={6},
  number={11},
  pages={e26828},
  year={2011},
  publisher={Public Library of Science San Francisco, USA},
  url = {https://doi.org/10.1371/journal.pone.0026828},
  doi = {10.1371/journal.pone.0026828}
}

@article{veldkamp2014statistical,
  title={Statistical reporting errors and collaboration on statistical analyses in psychological science},
  author={Veldkamp, Coosje LS and Nuijten, Mich{\`e}le B and Dominguez-Alvarez, Linda and Van Assen, Marcel ALM and Wicherts, Jelte M},
  journal={PloS one},
  volume={9},
  number={12},
  pages={e114876},
  year={2014},
  publisher={Public Library of Science San Francisco, USA},
  url = {https://doi.org/10.1371/journal.pone.0114876},
  doi = {10.1371/journal.pone.0114876}
}

@article{garcia2004incongruence,
  title={Incongruence between test statistics and P values in medical papers},
  author={Garc{\'\i}a-Berthou, Emili and Alcaraz, Carles},
  journal={BMC medical research methodology},
  volume={4},
  pages={1--5},
  year={2004},
  publisher={Springer},
  url = {https://doi.org/10.1186/1471-2288-4-13},
  doi = {10.1186/1471-2288-4-13}
}

@article{caperos2013consistency,
  title={Consistency errors in p-values reported in Spanish psychology journals},
  author={Caperos, Jos{\'e} Manuel and Pardo, Antonio},
  journal={Psicothema},
  volume={25},
  number={3},
  pages={408--414},
  year={2013},
  publisher={Colegio Oficial de Psic{\'o}logos del Principado de Asturias},
  url = {https://doi.org/10.7334/psicothema2012.207},
  doi = {10.7334/psicothema2012.207}
}

@article{berle2007inconsistencies,
  title={Inconsistencies between reported test statistics and p-values in two psychiatry journals},
  author={Berle, David and Starcevic, Vladan},
  journal={International Journal of Methods in Psychiatric Research},
  volume={16},
  number={4},
  pages={202--207},
  year={2007},
  publisher={Wiley Online Library},
  url = {https://doi.org/10.1002/mpr.225},
  doi = {10.1002/mpr.225}
}

@article{bakker2014outlier,
  title={Outlier removal and the relation with reporting errors and quality of psychological research},
  author={Bakker, Marjan and Wicherts, Jelte M},
  journal={PloS one},
  volume={9},
  number={7},
  pages={e103360},
  year={2014},
  publisher={Public Library of Science San Francisco, USA},
  url = {https://doi.org/10.1371/journal.pone.0103360},
  doi = {10.1371/journal.pone.0103360}
}

@article{bakker2011mis,
  title={The (mis) reporting of statistical results in psychology journals},
  author={Bakker, Marjan and Wicherts, Jelte M},
  journal={Behavior research methods},
  volume={43},
  pages={666--678},
  year={2011},
  publisher={Springer},
  url = {https://doi.org/10.3758/s13428-011-0089-5},
  doi = {10.3758/s13428-011-0089-5}
}

@article{hardwicke2018data,
  title={Data availability, reusability, and analytic reproducibility: Evaluating the impact of a mandatory open data policy at the journal Cognition},
  author={Hardwicke, Tom E and Mathur, Maya B and MacDonald, Kyle and Nilsonne, Gustav and Banks, George C and Kidwell, Mallory C and Hofelich Mohr, Alicia and Clayton, Elizabeth and Yoon, Erica J and Henry Tessler, Michael and others},
  journal={Royal Society open science},
  volume={5},
  number={8},
  pages={180448},
  year={2018},
  publisher={The Royal Society},
  url = {https://doi.org/10.1098/rsos.180448},
  doi = {10.1098/rsos.180448}
}

@article{laurinavichyute2022share,
  title={Share the code, not just the data: A case study of the reproducibility of articles published in the Journal of Memory and Language under the open data policy},
  author={Laurinavichyute, Anna and Yadav, Himanshu and Vasishth, Shravan},
  journal={Journal of Memory and Language},
  volume={125},
  pages={104332},
  year={2022},
  publisher={Elsevier},
  url = {https://doi.org/10.1016/j.jml.2022.104332},
  doi = {10.1016/j.jml.2022.104332}
}

@inproceedings{arvan2022reproducibility,
  title={Reproducibility in computational linguistics: Is source code enough?},
  author={Arvan, Mohammad and Pina, Lu{\'\i}s and Parde, Natalie},
  booktitle={Proceedings of the 2022 Conference on Empirical Methods in Natural Language Processing},
  pages={2350--2361},
  year={2022},
  url = {https://doi.org/10.18653/v1/2022.emnlp-main.150},
  doi = {10.18653/v1/2022.emnlp-main.150}
}


@article{casillas2023opening,
  title={Opening open science to all: Demystifying reproducibility and transparency practices in linguistic research},
  author={Casillas, Joseph V and Constantin-Dureci, Gabriela and Rasc{\'o}n, Iv{\'a}n Andreu and Shao, Jiawei and Rodr{\'\i}guez, Stephanie A and Gadamsetty, Adrija and Minetti, Alexandria and Laungani, Krishita and Thatcher, John and Gardere, Rhode-Taina and others},
  year={2023},
  publisher={OSF},
  url = {https://doi.org/10.31234/osf.io/spz4w},
  doi = {10.31234/osf.io/spz4w}
}

@article{bochynska2023reproducible,
  title={Reproducible research practices and transparency across linguistics},
  author={Bochynska, Agata and Keeble, Liam and Halfacre, Caitlin and Casillas, Joseph V and Champagne, Irys-Am{\'e}lie and Chen, Kaidi and R{\"o}thlisberger, Melanie and Buchanan, Erin M and Roettger, Timo},
  journal={Glossa Psycholinguistics},
  volume={2},
  number={1},
  year={2023},
  url = {https://doi.org/10.5070/G6011239},
  doi = {10.5070/G6011239}
}

@article{roettger2019researcher,
  title={Researcher degrees of freedom in phonetic research},
  author={Roettger, Timo B},
  journal={Laboratory Phonology},
  volume={10},
  number={1},
  year={2019},
  publisher={Open Library of Humanities},
  url = {https://doi.org/10.5334/labphon.147},
  doi = {10.5334/labphon.147}
}

@article{knuth1984literate,
  title={Literate programming},
  author={Knuth, Donald Ervin},
  journal={The computer journal},
  volume={27},
  number={2},
  pages={97--111},
  year={1984},
  publisher={Oxford University Press}
}

@article{colavizza2020citation,
  title={The citation advantage of linking publications to research data},
  author={Colavizza, Giovanni and Hrynaszkiewicz, Iain and Staden, Isla and Whitaker, Kirstie and McGillivray, Barbara},
  journal={PloS one},
  volume={15},
  number={4},
  pages={e0230416},
  year={2020},
  publisher={Public Library of Science San Francisco, CA USA},
  url = {https://doi.org/10.1371/journal.pone.0230416},
  doi = {10.1371/journal.pone.0230416}
}

@article{lowndes2017our,
  title={Our path to better science in less time using open data science tools},
  author={Lowndes, Julia S Stewart and Best, Benjamin D and Scarborough, Courtney and Afflerbach, Jamie C and Frazier, Melanie R and O’Hara, Casey C and Jiang, Ning and Halpern, Benjamin S},
  journal={Nature ecology \& evolution},
  volume={1},
  number={6},
  pages={0160},
  year={2017},
  publisher={Nature Publishing Group UK London},
  url = {https://doi.org/10.1038/s41559-017-0160},
  doi = {10.1038/s41559-017-0160}
}

@misc{boland2017ten,
  title={Ten simple rules to enable multi-site collaborations through data sharing},
  author={Boland, Mary Regina and Karczewski, Konrad J and Tatonetti, Nicholas P},
  journal={PLoS computational biology},
  volume={13},
  number={1},
  pages={e1005278},
  year={2017},
  publisher={Public Library of Science San Francisco, CA USA},
  url = {https://doi.org/10.1371/journal.pcbi.1005278},
  doi = {10.1371/journal.pcbi.1005278}
}

@article{buckley2023estimating,
  title={Estimating the replicability of technology education research},
  author={Buckley, Jeffrey and Hyland, Tom{\'a}s and Seery, Niall},
  journal={International Journal of Technology and Design Education},
  volume={33},
  number={4},
  pages={1243--1264},
  year={2023},
  publisher={Springer},
  url = {https://doi.org/10.1007/s10798-022-09787-6},
  doi = {10.1007/s10798-022-09787-6}
}

@inproceedings{kalmbach2023rule,
  title={On the Rule-Based Extraction of Statistics Reported in Scientific Papers},
  author={Kalmbach, Tobias and Hoffmann, Marcel and Lell, Nicolas and Scherp, Ansgar},
  booktitle={International Conference on Applications of Natural Language to Information Systems},
  pages={326--338},
  year={2023},
  organization={Springer},
  url = {https://doi.org/10.1007/978-3-031-35320-8_23},
  doi = {10.1007/978-3-031-35320-8_23}
}

@article{kobrock2023assessing,
  title={Assessing the replication landscape in experimental linguistics.},
  author={Kobrock, Kristina and Roettger, Timo},
  journal={Glossa Psycholinguistics},
  volume={2},
  number={1},
  pages={1--28},
  year={2023},
  url = {https://doi.org/10.5070/G6011135},
  doi = {10.5070/G6011135}
}

@article{lu2024meta,
  title={A Meta-analysis of syntactic satiation in extraction from islands},
  author={Lu, Jiayi and Frank, Michael and Degen, Judith and Lu, Jiayi and Frank, Michael C and Degen, Judith},
  journal={Glossa Psycholinguistics},
  volume={3},
  number={1},
  year={2024}
}

@article{isbilen2022statistical,
  title={Statistical learning of language: A meta-analysis into 25 years of research},
  author={Isbilen, Erin S and Christiansen, Morten H},
  journal={Cognitive Science},
  volume={46},
  number={9},
  pages={e13198},
  year={2022},
  publisher={Wiley Online Library}
}

@article{lehtonen2018bilingualism,
  title={Is bilingualism associated with enhanced executive functioning in adults? A meta-analytic review.},
  author={Lehtonen, Minna and Soveri, Anna and Laine, Aini and J{\"a}rvenp{\"a}{\"a}, Janica and De Bruin, Angela and Antfolk, Jan},
  journal={Psychological bulletin},
  volume={144},
  number={4},
  pages={394},
  year={2018},
  publisher={American Psychological Association}
}

@article{nuijten2016prevalence,
  title={The prevalence of statistical reporting errors in psychology (1985--2013)},
  author={Nuijten, Mich{\`e}le B and Hartgerink, Chris HJ and Van Assen, Marcel ALM and Epskamp, Sacha and Wicherts, Jelte M},
  journal={Behavior research methods},
  volume={48},
  pages={1205--1226},
  year={2016},
  publisher={Springer},
  url = {https://doi.org/10.5070/G6011135},
  doi = {10.5070/G6011135}
}

@article{vasishth2023some,
  title={Some right ways to analyze (psycho) linguistic data},
  author={Vasishth, Shravan},
  journal={Annual Review of Linguistics},
  volume={9},
  number={1},
  pages={273--291},
  year={2023},
  publisher={Annual Reviews},
  url = {https://doi.org/10.1146/annurev-linguistics-031220-010345},
  doi = {10.1146/annurev-linguistics-031220-010345}
}

@article{sondereggera2024advancements,
  title={Advancements of Phonetics in the 21st century: Quantitative data analysis},
  author={Sonderegger, Morgan and S{\'o}skuthy, M{\'a}rton},
  year={2024},
  publisher={OSF},
  url = {https://doi.org/10.31234/osf.io/mc6a9},
  doi = {10.31234/osf.io/mc6a9}
}

@article{sakaluk2014analytic,
  title={Analytic review as a solution to the misreporting of statistical results in psychological science},
  author={Sakaluk, John and Williams, Alexander and Biernat, Monica},
  journal={Perspectives on Psychological Science},
  volume={9},
  number={6},
  pages={652--660},
  year={2014},
  publisher={Sage Publications Sage CA: Los Angeles, CA},
  url = {https://doi.org/10.1177/1745691614549257},
  doi = {10.1177/1745691614549257}
}

@article{barber2017meticulous,
  title={Meticulous manuscripts, messy results: Working together for robust science reporting.},
  author={Barber, Larissa K},
  year={2017},
  journal={Stress & Health},
  volume = {33},
  number = {2},
  pages = {89--91},
  publisher={John Wiley \& Sons},
  url = {https://doi.org/10.1002/smi.2756},
  doi = {10.1002/smi.2756}
}

@misc{schonbrodt2015p,
  title={p-checker: One-for-all p-value analyzer},
  author={Sch{\"o}nbrodt, Felix D},
  howpublished = {\url{http://shinyapps.org/apps/p-checker/}},
  year={2015}
}

@misc{nuijten2023statcheck,
  title={statcheck: Extract statistics from articles and recompute p-values(1.5.0)[R]},
  author={Nuijten, Mich{\`e}le B and Epskamp, Sacha},
  year={2024}
}

@article{sterling1959publication,
  title={Publication decisions and their possible effects on inferences drawn from tests of significance—or vice versa},
  author={Sterling, Theodore D},
  journal={Journal of the American statistical association},
  volume={54},
  number={285},
  pages={30--34},
  year={1959},
  publisher={Taylor \& Francis},
  url = {https://doi.org/10.2307/2282137},
  doi = {10.2307/2282137}
}

@article{franco2014publication,
  title={Publication bias in the social sciences: Unlocking the file drawer},
  author={Franco, Annie and Malhotra, Neil and Simonovits, Gabor},
  journal={Science},
  volume={345},
  number={6203},
  pages={1502--1505},
  year={2014},
  publisher={American Association for the Advancement of Science},
  url = {https://doi.org/10.1126/science.1255484},
  doi = {10.1126/science.1255484}
}

@article{fugelsang2004theory,
  title={Theory and data interactions of the scientific mind: evidence from the molecular and the cognitive laboratory.},
  author={Fugelsang, Jonathan A and Stein, Courtney B and Green, Adam E and Dunbar, Kevin N},
  journal={Canadian Journal of Experimental Psychology/Revue canadienne de psychologie exp{\'e}rimentale},
  volume={58},
  number={2},
  pages={86},
  year={2004},
  publisher={Canadian Psychological Association},
  url = {https://doi.org/10.1037/h0085799},
  doi = {10.1037/h0085799}
}

@article{nickerson1998confirmation,
  title={Confirmation bias: A ubiquitous phenomenon in many guises},
  author={Nickerson, Raymond S},
  journal={Review of general psychology},
  volume={2},
  number={2},
  pages={175--220},
  year={1998},
  publisher={SAGE Publications Sage CA: Los Angeles, CA},
  url = {https://doi.org/10.1037/1089-2680.2.2.175},
  doi = {10.1037/1089-2680.2.2.175}
}

@article{isbell2022misconduct,
  title={Misconduct and questionable research practices: The ethics of quantitative data handling and reporting in applied linguistics},
  author={Isbell, Daniel R and Brown, Dan and Chen, Meishan and Derrick, Deirdre J and Ghanem, Romy and Arvizu, Mar{\'\i}a Nelly Guti{\'e}rrez and Schnur, Erin and Zhang, Meixiu and Plonsky, Luke},
  journal={The Modern Language Journal},
  volume={106},
  number={1},
  pages={172--195},
  year={2022},
  publisher={Wiley Online Library},
  url = {https://doi.org/10.1111/modl.12760},
  doi = {10.1111/modl.12760}
}

@article{john2012measuring,
  title={Measuring the prevalence of questionable research practices with incentives for truth telling},
  author={John, Leslie K and Loewenstein, George and Prelec, Drazen},
  journal={Psychological science},
  volume={23},
  number={5},
  pages={524--532},
  year={2012},
  publisher={Sage Publications Sage CA: Los Angeles, CA},
  url = {https://doi.org/10.1177/0956797611430953},
  doi = {10.1177/0956797611430953}
}

@inproceedings{gross2021fidelity,
  title={Fidelity of statistical reporting in 10 years of cyber security user studies},
  author={Gro{\ss}, Thomas},
  booktitle={Socio-Technical Aspects in Security and Trust: 9th International Workshop, STAST 2019, Luxembourg City, Luxembourg, September 26, 2019, Revised Selected Papers 9},
  pages={3--26},
  year={2021},
  organization={Springer},
  url = {https://doi.org/10.1007/978-3-030-55958-8_1},
  doi = {10.1007/978-3-030-55958-8_1}
}

@article{green2018statcheck,
  title={Statcheck in Canada: What proportion of CPA journal articles contain errors in the reporting of p-values?},
  author={Green, Christopher D and Abbas, Sahir and Belliveau, Arlie and Beribisky, Nataly and Davidson, Ian J and DiGiovanni, Julian and Heidari, Crystal and Martin, Shane M and Oosenbrug, Eric and Wainewright, Linda M},
  journal={Canadian Psychology/Psychologie Canadienne},
  volume={59},
  number={3},
  pages={203},
  year={2018},
  publisher={Educational Publishing Foundation},
  url = {https://doi.org/10.1037/cap0000139},
  doi = {10.1037/cap0000139}
}

@article{nuijten2024implementing,
  title={Implementing Statcheck During Peer Review Is Related to a Steep Decline in Statistical-Reporting Inconsistencies},
  author={Nuijten, Mich{\`e}le B and Wicherts, Jelte M},
  journal={Advances in Methods and Practices in Psychological Science},
  volume={7},
  number={2},
  pages={25152459241258945},
  year={2024},
  publisher={SAGE Publications Sage CA: Los Angeles, CA},
  url = {https://doi.org/10.31234/osf.io/qejhk},
  doi = {10.31234/osf.io/qejhk}
}

}
@book{APA2020,
  title = {Publication Manual of the {American Psychological Association}},
  author = {{American Psychological Association}},
  year = {2020},
  edition = {7},
  publisher = {Author},
  address = {Washington, D.C.},
  url = {https://doi.org/10.1037/0000165-000},
  doi = {10.1037/0000173-000}
}

